@article{EPRArxiv,
  author    = {Andrew Reynolds and
               Radu Iosif and
               Cristina Serban},
  title     = {Reasoning in the Bernays-Schoenfinkel-Ramsey Fragment of Separation
               Logic},
  journal   = {CoRR},
  volume    = {abs/1610.04707},
  year      = {2016},
  url       = {http://arxiv.org/abs/1610.04707},
}

@Inbook{Xisa,
author="Toubhans, Antoine
and Chang, Bor-Yuh Evan
and Rival, Xavier",
title="An Abstract Domain Combinator for Separately Conjoining Memory Abstractions",
bookTitle="Static Analysis: 21st International Symposium, SAS 2014, Munich, Germany, September 11-13, 2014. Proceedings",
year="2014",
publisher="Springer",
pages="285--301",
}

@Inbook{SplInter,
author="Albargouthi, Aws
and Berdine, Josh
and Cook, Byron
and Kincaid, Zachary",
title="Spatial Interpolants",
bookTitle="Programming Languages and Systems: 24th European Symposium on Programming, ESOP 2015, Held as Part of the European Joint Conferences on Theory and Practice of Software, ETAPS 2015, London, UK, April 11-18, 2015, Proceedings",
year="2015",
publisher="Springer",
pages="634--660",
}

@Article{BrotherstonSimpson11,
  author    = "James Brotherston and Alex Simpson",
  title     = "Sequent Calculi for Induction and Infinite Descent",
  journal   = "Journal of Logic and Computation",
  volume    = 21,
  number    = 6,
  pages     = "1177--1216",
  publisher = "Oxford University Press",
  month     = "December",
  year      = 2011
}

@article{Lewis80,
title = "Complexity results for classes of quantificational formulas",
journal = "Journal of Computer and System Sciences",
volume = "21",
number = "3",
pages = "317 - 353",
year = "1980",
author = "Harry R. Lewis",
}

@article{BrocheninDemriLozes11,
title = "On the almighty wand",
journal = "Information and Computation",
volume = "211",
number = "",
pages = "106 - 137",
year = "2012",
author = "R\'emi Brochenin and St\'ephane Demri and Etienne Lozes",
}

@inproceedings{DemriGalmicheWendlingMery14,
author = {Demri, St{\'e}phane and Galmiche, Didier and Larchey-Wendling, Dominique and M{\'e}ry, Daniel},
booktitle = {{P}roceedings of the 9th {I}nternational {C}omputer {S}cience {S}ymposium in {R}ussia ({CSR}'14)},
pages =	{125-138},
publisher = {Springer},
series = {Lecture Notes in Computer Science},
title =	{Separation Logic with One Quantified Variable},
volume = {8476},
year =	{2014},
}

@article{DemriDeters15,
author = {Demri, St{\'e}phane and Deters, Morgan},
journal = {ACM Transactions on Computational Logic},
number = {2:15},
publisher = {ACM Press},
title =	{Two-variable separation logic and its inner circle},
volume = {16},
year =	{2015},
}


@inproceedings{ReynoldsIosifKingSerban16,
  author    = {Andrew Reynolds and
               Radu Iosif and
               Cristina Serban and
               Tim King},
  title     = {A Decision Procedure for Separation Logic in {SMT}},
  booktitle = {Automated Technology for Verification and Analysis - 14th International
               Symposium, {ATVA} 2016, Chiba, Japan, October 17-20, 2016, Proceedings},
  pages     = {244--261},
  year      = {2016},
}

@article{WeidenbachVoigt15,
  author    = {Marco Voigt and
               Christoph Weidenbach},
  title     = {Bernays-Sch{\"{o}}nfinkel-Ramsey with Simple Bounds is NEXPTIME-complete},
  journal   = {CoRR},
  volume    = {abs/1501.07209},
  year      = {2015},
}

@inproceedings{cyclist,
  author    = {James Brotherston and
               Nikos Gorogiannis and
               Rasmus Lerchedahl Petersen},
  title     = {A Generic Cyclic Theorem Prover},
  booktitle = {APLAS},
  year      = {2012},
  pages     = {350-367},
}

@inproceedings{spen,
  author    = {Constantin Enea and
               Mihaela Sighireanu and
               Zhilin Wu},
  title     = {On Automated Lemma Generation for Separation Logic with Inductive
               Definitions},
  booktitle = {ATVA 2015, Proceedings},
  pages     = {80--96},
  year      = {2015}
}

@inproceedings{GeDeM-CAV-09,
	Author = {Ge, Yeting and de Moura, Leonardo},
	Booktitle = {Proceedings of CAV'09},
	Series = {LNCS},
	Title = {Complete Instantiation for Quantified Formulas in Satisfiability Modulo Theories},
	Volume = {5643},
	Year = {2009},
}

@inproceedings{ReynoldsDKBT15Cav,
  author    = {Andrew Reynolds and
               Morgan Deters and
               Viktor Kuncak and
               Cesare Tinelli and
               Clark W. Barrett},
  title     = {Counterexample-Guided Quantifier Instantiation for Synthesis in {SMT}},
  booktitle = {Computer Aided Verification - 27th International Conference, {CAV}
               2015, San Francisco, CA, USA, July 18-24, 2015, Proceedings, Part
               {II}},
  pages     = {198--216},
  year      = {2015},
}

@incollection{ReyEtAl-1-RR-13,
year={2013},
isbn={978-3-642-39798-1},
booktitle={Computer Aided Verification},
volume={8044},
series={Lecture Notes in Computer Science},
editor={Sharygina, Natasha and Veith, Helmut},
doi={10.1007/978-3-642-39799-8_42},
title={Finite Model Finding in {SMT}},
publisher={Springer Berlin Heidelberg},
author={Reynolds, Andrew and Tinelli, Cesare and Goel, Amit and Krsti\'c, Sava},
pages={640-655}
}

@inproceedings{bjornerplaying,
  title={Playing with Quantified Satisfaction},
  author={Bj{\o}rner, Nikolaj and Janota, Mikol{\'a}{\v{s}}},
	booktitle = {LPAR 2015}
}

@techreport{smtlib25,
  author = "Clark Barrett and Pascal Fontaine and Cesare Tinelli",
  title = "The {SMT-LIB} Standard---{V}ersion 2.5",
  institution  = "The University of Iowa",
  year = 2015,
  note = "Available at \url{http://smt-lib.org/}"}

@inproceedings{CVC4-CAV-11,
	Author = {Clark Barrett and Christopher Conway and Morgan Deters and Liana Hadarean and Dejan Jovanovic and Tim King and Andrew Reynolds and Cesare Tinelli},
	Booktitle = {Computer Aided Verification (CAV)},
	Publisher = {Springer},
	Title = {{CVC4}},
	Year = {2011}}


@article{RKK2015,
  Author = {Andrew Reynolds and Tim King and Viktor Kuncak},
  Journal = {CoRR},
  Title = {An Instantiation-Based Approach for Solving Quantified Linear Arithmetic},
  Volume = {abs/1510.02642},
  Year = {2015}}

@inproceedings{Brotherston:2010,
 author = {Brotherston, James and Kanovich, Max},
 title = {Undecidability of Propositional Separation Logic and Its Neighbours},
 booktitle = {LICS 2010, Proceedings},
 series = {LICS '10},
 year = {2010},
 pages = {130--139}
}

@inproceedings{bouajjani-dragoi-enea-sighireanu12,
  author    = {Ahmed Bouajjani and
               Cezara Dragoi and
               Constantin Enea and
               Mihaela Sighireanu},
  title     = {Accurate Invariant Checking for Programs Manipulating Lists
               and Arrays with Infinite Data},
  booktitle = {ATVA},
  year      = {2012},
  pages     = {167-182}
}

@inproceedings{madhusudan-parlato-qiu11,
  author    = {P.~ Madhusudan and
               G.~ Parlato and
               X.~ Qiu},
  title     = {Decidable logics combining heap structures and data},
  booktitle = {Proc. of POPL'11},
  year      = {2011},
}

@inproceedings{bouajjani-dragoi-enea-sighireanu09,
  author    = {A.~ Bouajjani and
               C.~ Dragoi and
               C.~ Enea and
               M.~ Sighireanu},
  title     = {A Logic-Based Framework for Reasoning about Composite Data
               Structures},
  booktitle = {Proc. of CONCUR'09},
    series    =    "LNCS",
  publisher =    "Springer",
  volume    =    "5710",
  year      = {2009},
}

@InProceedings{pale2001,
  author =       {A.~ M\o{}ller and M.~ I.~ Schwartzbach},
  title =        {The Pointer Assertion Logic Engine},
  booktitle =    {Proc. of PLDI'01},
  year =         {2001},
  month =        {June},
}

@inproceedings{yorsh-rabinovich-sagiv-meyer-bouajjani06,
  author    = {G.~ Yorsh and
               A.~ M.~ Rabinovich and
               M.~ Sagiv and
               A.~ Meyer and
               A.~ Bouajjani},
  title     = {A Logic of Reachable Patterns in Linked Data-Structures},
  booktitle = {Proc. of FoSSaCS'06},
  series    =    "LNCS",
  publisher =    "Springer",
  volume    =    "3921",
  year      = {2006},
}

@inproceedings{immerman-rabinovich-reps-sagiv-yorsh04,
  author    = {N.~ Immerman and
               A.~ M.~ Rabinovich and
               T.~ W. Reps and
               S.~ Sagiv and
               G.~ Yorsh},
  title     = {The Boundary Between Decidability and Undecidability for
               Transitive-Closure Logics},
  booktitle = {Proc of CSL'04},
    series    =    "LNCS",
  publisher =    "Springer",
  volume    =    "3210",

  year      = {2004},
}

@InProceedings{Reynolds02,
  author =       "J.C.~Reynolds",
  title =        "{Separation Logic: A Logic for Shared Mutable Data 
                   Structures}",
  booktitle =    "Proc. of LICS'02",
  year =         "2002",
}

@article{seese91,
  title = {The Structure of Models of Decidable Monadic Theories of Graphs},
  author = {D. Seese},
  year = {1991},
  journal = {Annals of Pure and Applied Logic},
  volume = {53},
  number = {2},
  pages = {169-195},
}

@inproceedings{bojanczyk,
  author    = {M. Bojanczyk},
  title     = {Tree-Walking Automata},
  booktitle = {Proc. of LATA'08},
  year      = {2008},
      series    =    "LNCS",
  publisher =    "Springer",
  volume    =    "5196",
}

@inProceedings{madhusudan-parlato11,
author={P.~Madhusudan and G.~Parlato},
title={The tree width of auxiliary storage.},
booktitle={Proc. of POPL'11},
year={2011},
publisher={ACM},
}

@inProceedings{predator,
   author = {K. Dudka and P. Peringer and T. Vojnar},
   title = {Predator: A Practical Tool for Checking Manipulation of
	Dynamic Data Structures Using Separation Logic},
  booktitle = {Proc. of CAV'11},
  series    =    "LNCS",
  publisher =    "Springer",
  volume    =    "6806",
   year = {2011},
}

@inProceedings{spaceinvader,
author = {J.~Berdine and C.~Calcagno and B.~Cook and D.~Distefano and P.W.~O'Hearn and T.~Wies and 
  H.~Yang},
title = {Shape Analysis for Composite Data Structures},
booktitle={Proc. CAV'07},
  series    =    "LNCS",
  publisher =    "Springer",
  volume    =    "4590",
  year={2007}
}

@inproceedings{berdine-calcagno-ohearn04,
  author    = {J. Berdine and
               C. Calcagno and
               P.~W.~O'Hearn},
  title     = {A Decidable Fragment of Separation Logic},
  booktitle = {Proc. of FSTTCS'04},
  year      = {2004},
  publisher = {Springer},
  series    = {LNCS},
  volume    = {3328},
}

@article{bozga-iosif-perarnau10,
  author    = {M.~ Bozga and
               R.~ Iosif and
               S.~ Perarnau},
  title     = {Quantitative Separation Logic and Programs with Lists},
  journal   = {J. Autom. Reasoning},
  volume    = {45},
  number    = {2},
  year      = {2010},
  pages     = {131-16o},
}

@inproceedings{cook-haase-ouaknine-parkinson-worell11,
  author    = {B.~ Cook and
               C.~ Haase and
               J.~ Ouaknine and
               M.~ J. Parkinson and
               J.~ Worrell},
  title     = {Tractable Reasoning in a Fragment of Separation Logic},
  booktitle = {Proc. of CONCUR'11},
publisher = {Springer},
  series    = {LNCS},
  volume    = {6901},
  year      = {2011},
}

@inproceedings{sleek,
  author    = {H.~ H.~ Nguyen and
               W.-N.~ Chin},
  title     = {Enhancing Program Verification with Lemmas},
  booktitle = {Proc of CAV'08},
publisher = {Springer},
  series    = {LNCS},
  volume    = {5123},
  year      = {2008},
}

@inproceedings{infer,
  author    = {C.~ Calcagno and
               D.~ Distefano},
  title     = {Infer: An Automatic Program Verifier for Memory Safety of
               C Programs},
  booktitle = {Proc. of NASA Formal Methods'11},
  year      = {2011},
  publisher = {Springer},
  series    = {LNCS},
  volume    = {6617},
}

@inproceedings{stockmeyer-meyer73,
  author    = {Larry J. Stockmeyer and
               Albert R. Meyer},
  title     = {Word Problems Requiring Exponential Time: Preliminary Report},
  booktitle = {Proc. of STOC'73},
  year      = {1973},
  publisher = {ACM},
}

@inproceedings{meyer75,
author = {A.R. Meyer}, 
title = {Weak monadic second order theory of successor is not elementary recursive},
booktitle = {Proc. Logic Colloquium},
volume={453},
series={Lecture Notes in Mathematics}, 
year = {1975},
}

@book{flum-grohe-book,
 author = {J. Flum and M. Grohe},
 title = {Parameterized Complexity Theory},
 year = {2006},
 publisher = {Springer-Verlag New York, Inc.},
} 

@inproceedings{enea13,
  author    = {C. Enea and
               V. Saveluc and
               M. Sighireanu},
  title     = {Compositional Invariant Checking for Overlaid and Nested
               Linked Lists},
  booktitle = {Proc. of ESOP'13},
  year      = {2013},
  pages     = {129-148},
}

@inproceedings{Iosif13,
  author    = {Radu Iosif and
               Adam Rogalewicz and
               Jiri Simacek},
  title     = {The Tree Width of Separation Logic with Recursive Definitions},
   booktitle = {Proc. of CADE-24},
  year      = {2013},
  series    = {LNCS},
  volume    = {7898},
}

@Misc{qfs,
  title = "The {\tt QF\_S} Logic", 
  author = "Mihaela Sighireanu", 
  year = 2014,
  note = "\\URL: {\ttfamily https://github.com/mihasighi/smtcomp14-sl/wiki}"
}

@Misc{cvc4-seplog,
  title = "CVC4 Separation Logic Format",
  author = "Andrew Reynolds",
  year = 2016,
  note = "\\URL: {\ttfamily http://church.cims.nyu.edu/wiki/Separation\_Logic}"
}

@Misc{qfs-frontend,
 title = "{\tt QF\_S} Front End", 
 author = "Mihaela Sighireanu",
 year = 2014,
 note = "\\URL: {\ttfamily https://github.com/mihasighi/smtcomp14-sl/tree/master/smtlib2parser-1.4}"
}

@Misc{smtlib-frontend,
 title = "SMT-LIB Front End",
 author = "Cristina Serban",
 year = 2016,
 note = "\\URL: {\ttfamily https://github.com/cristina-serban/parse-smtlib}"
}

@Misc{tata05,
  key =   "The TATA on-line book about tree automata",
  title = "{Tree Automata Techniques and Applications}",
  author = "H. Comon and M.~Dauchet and R.~Gilleron and F.~Jacquemard and
            D.~Lugiez and S.~Tison and M. Tommasi",
  year =  "2005",
  note =  "\\URL: {\ttfamily http://www.grappa.univ-lille3.fr/tata}",
}

@Misc{libvata,
  title = "VATA: a tree automata library",
  author = {O. Lengal and J. Simacek and T. Vojnar},
  note =  "\\URL: {\ttfamily http://www.fit.vutbr.cz/research/groups/verifit/tools/libvata/}",
}

@Misc{slide,
  title = "SLIDE: Separation Logic with Inductive Definitions",
  author = {R. Iosif and A. Rogalewicz and T. Vojnar},
  note =  "\\URL: {\ttfamily http://www.fit.vutbr.cz/research/groups/verifit/tools/slide/}",
}

@INPROCEEDINGS{anti-chains,
   author = {A. Bouajjani and P. Habermehl and L. Holik and
	T. Touili and T. Vojnar},
   title = {Antichain-based Universality and Inclusion Testing over
	Nondeterministic Finite Tree Automata},
   booktitle = {Proc. of CIAA},
   series = {LNCS},
   volume = {5148},
   year = {2008},
}

@inproceedings{Piskac2014,
author="Piskac, Ruzica and Wies, Thomas and Zufferey, Damien",
title="Automating Separation Logic with Trees and Data",
booktitle="CAV 2014, Proceedings",
year="2014",
pages="711--728",
}


@inproceedings{fossacs14,
  author = {T. Antonopoulos and N. Gorogiannis and C. Haase and M. Kanovich and J. Ouaknine},
  title = {Foundations for Decision Problems in Separation Logic with General Inductive Predicates},
  booktitle = {FOSSACS'14, Proceedings},
  year = {2014},
}

@article{barhillel-perles-shamir61,
  author= {Y. Bar-Hillel and M. Perles and E. Shamir},
  title = {On formal properties of simple phrase structure grammars}, 
  journal={Zeitschrift für Phonetik, Sprachwissenschaft und Kommunikationsforschung},
  volume ={14}, 
  number = {2}, 
  pages= {143-172},
  year = {1961},
}

@incollection{suter2011sets,
  title={Sets with cardinality constraints in satisfiability modulo theories},
  author={Suter, Philippe and Steiger, Robin and Kuncak, Viktor},
  booktitle={VMCAI'11, Proceedings},
  pages={403--418},
  year={2011},
}

@phdthesis{BansalPhd,
  author = "Kshitij Bansal",
  title = "Decision Procedures for Finite Sets with Cardinality and Local Theory Extensions",
  school = {New York University},
  type = "{Ph.D.}\ thesis",
  year = 2016}
}


@article{MeryGalmiche07,
  title={Tableaux and resource graphs for separation logic},
  author={Galmiche, Didier and M{\'e}ry, Daniel},
  journal={Journal of Logic and Computation},
  volume={20},
  number={1},
  pages={189--231},
  year={2010},
}

@incollection{CalcagnoYangOHearn01,
  title={Computability and complexity results for a spatial assertion language for data structures},
  author={Calcagno, Cristiano and Yang, Hongseok and O’hearn, Peter W},
  booktitle={FST TCS 2001, Proceedings},
  publisher={Springer},
  pages={108--119},
  year={2001},
}

@inproceedings{IshtiaqOHearn01,
  title={BI as an assertion language for mutable data structures},
  author={Ishtiaq, Samin S and O'Hearn, Peter W},
  booktitle={ACM SIGPLAN Notices},
  volume={36},
  pages={14--26},
  year={2001},
}

@inproceedings{GanzingerHagenNieuwenhuisOliverasTinelli04,
  title={DPLL (T): Fast decision procedures},
  author={Ganzinger, Harald and Hagen, George and Nieuwenhuis, Robert and Oliveras, Albert and Tinelli, Cesare},
  booktitle={CAV 2004, Proceedings},
  pages={175--188},
  year={2004},
}

@phdthesis{YangPhD,
  author = "Hongseok Yang",
  title = "Local Reasoning for Stateful Programs",
  type = "{Ph.D.}\ thesis",
  school = "University of Illinois at Urbana-Champaign",
  year = 2001}
}

@inproceedings{Piskac2013,
author="Piskac, Ruzica and Wies, Thomas and Zufferey, Damien",
title="Automating Separation Logic Using SMT",
booktitle="CAV 2013, Proceedings",
year="2013",
pages="773--789",
}

@article{NavarroPerez2011,
 author = {Navarro P{\'e}rez, Juan Antonio and Rybalchenko, Andrey},
 title = {Separation Logic + Superposition Calculus = Heap Theorem 
Prover},
 journal = {SIGPLAN Not.},
 volume = {46},
 number = {6},
 year = {2011},
 pages = {556--566},
 numpages = {11},
} 

@incollection{bansal2015deciding,
  title={Deciding local theory extensions via E-matching},
  author={Bansal, Kshitij and Reynolds, Andrew and King, Tim and Barrett, 
Clark and Wies, Thomas},
  booktitle={Computer Aided Verification},
  pages={87--105},
  year={2015},
}

@article{sl-comp14,
 author = {Mihaela Sighireanu and David Cok},
 title = {Report on SL-COMP 2014},
 journal = {Journal on Satisfiability, Boolean Modeling and Computation}, 
 volume = {1},
 year = {2014}
}

@Article{Matyiasevich70,
   author  = "Y. Matiyasevich",
   title   = "Enumerable Sets are Diophantine",
   journal = "Journal of Sovietic Mathematics",
   month   = "",
   number  = "",
   year    = "1970",
   volume  = "11",
   pages   = "354 - 358",
}

@article{Halpern91,
 author = {Joseph Y. Halpern},
 journal = {The Journal of Symbolic Logic},
 number = {2},
 pages = {637-642},
 publisher = {Association for Symbolic Logic},
 title = {Presburger Arithmetic with Unary Predicates is $\Pi^1_1$ Complete},
 volume = {56},
 year = {1991}
}

@article{DBLP:journals/ijait/BaumgartnerFT06,
  author    = {Peter Baumgartner and
               Alexander Fuchs and
               Cesare Tinelli},
  title     = {Implementing the Model Evolution Calculus},
  journal   = {International Journal on Artificial Intelligence Tools},
  volume    = {15},
  number    = {1},
  pages     = {21--52},
  year      = {2006},
  doi       = {10.1142/S0218213006002552},
  timestamp = {Fri, 19 May 2006 14:08:08 +0200},
  biburl    = {http://dblp.uni-trier.de/rec/bib/journals/ijait/BaumgartnerFT06},
  bibsource = {dblp computer science bibliography, http://dblp.org}
}

@inproceedings{DBLP:conf/cade/Korovin08,
  author    = {Konstantin Korovin},
  title     = {iProver - An Instantiation-Based Theorem Prover for First-Order Logic
               (System Description)},
  booktitle = {Automated Reasoning, 4th International Joint Conference, {IJCAR} 2008,
               Sydney, Australia, August 12-15, 2008, Proceedings},
  pages     = {292--298},
  year      = {2008},
  doi       = {10.1007/978-3-540-71070-7_24},
  timestamp = {Fri, 05 Sep 2008 08:28:33 +0200},
  biburl    = {http://dblp.uni-trier.de/rec/bib/conf/cade/Korovin08},
  bibsource = {dblp computer science bibliography, http://dblp.org}
}

@article{DBLP:journals/jar/PiskacMB10,
  author    = {Ruzica Piskac and
               Leonardo Mendon{\c{c}}a de Moura and
               Nikolaj Bj{\o}rner},
  title     = {Deciding Effectively Propositional Logic Using {DPLL} and Substitution
               Sets},
  journal   = {J. Autom. Reasoning},
  volume    = {44},
  number    = {4},
  pages     = {401--424},
  year      = {2010},
  doi       = {10.1007/s10817-009-9161-6},
  timestamp = {Wed, 06 Oct 2010 14:39:30 +0200},
  biburl    = {http://dblp.uni-trier.de/rec/bib/journals/jar/PiskacMB10},
  bibsource = {dblp computer science bibliography, http://dblp.org}
}
